<collection><record><leader>01230cam a2200337W  4500</leader><controlfield tag="001">ocm00000652</controlfield><controlfield tag="005">19841114201045.0</controlfield><controlfield tag="008">690401s1969    wiua     b    001 0 engm </controlfield><datafield ind1=" " ind2=" " tag="010"><subfield code="a">68009015</subfield></datafield><datafield ind1=" " ind2=" " tag="020"><subfield code="a">0299051005</subfield></datafield><datafield ind1=" " ind2=" " tag="037"><subfield code="c">12.50</subfield></datafield><datafield ind1=" " ind2=" " tag="040"><subfield code="a">DLC</subfield><subfield code="c">DLC</subfield><subfield code="d">m.c.</subfield><subfield code="d">IOG</subfield><subfield code="d">WaOLN</subfield><subfield code="d">UtOrBLW</subfield></datafield><datafield ind1="1" ind2=" " tag="041"><subfield code="a">eng</subfield></datafield><datafield ind1=" " ind2=" " tag="049"><subfield code="a">IOGA</subfield></datafield><datafield ind1="0" ind2=" " tag="050"><subfield code="a">QA802</subfield><subfield code="b">.D713</subfield></datafield><datafield ind1=" " ind2=" " tag="082"><subfield code="a">531/.08</subfield></datafield><datafield ind1=" " ind2=" " tag="090"><subfield code="a">QA802</subfield><subfield code="b">.D713</subfield></datafield><datafield ind1=" " ind2=" " tag="090"><subfield code="a">QA802</subfield><subfield code="b">.D713</subfield><subfield code="m">IOGA</subfield><subfield code="i">35030001395678</subfield></datafield><datafield ind1="1" ind2=" " tag="100"><subfield code="a">Drake, Stillman.</subfield></datafield><datafield ind1="1" ind2="0" tag="245"><subfield code="a">Mechanics in sixteenth-century Italy;</subfield><subfield code="b">selections from Tartaglia, Benedetti, Guido Ubaldo, &amp; Galileo.</subfield><subfield code="c">Translated &amp; annotated by Stillman Drake &amp; I. E. Drabkin.</subfield></datafield><datafield ind1=" " ind2=" " tag="260"><subfield code="a">Madison :</subfield><subfield code="b">University of Wisconsin Press,</subfield><subfield code="c">1969.</subfield></datafield><datafield ind1=" " ind2=" " tag="300"><subfield code="a">xii, 428 p.</subfield><subfield code="b">illus.</subfield><subfield code="c">25 cm.</subfield></datafield><datafield ind1="1" ind2=" " tag="490"><subfield code="a">University of Wisconsin publications in medieval science, 13.</subfield></datafield><datafield ind1=" " ind2=" " tag="504"><subfield code="a">Bibliography: p. 391-420.</subfield></datafield><datafield ind1=" " ind2="0" tag="650"><subfield code="a">Mechanics</subfield><subfield code="x">History</subfield><subfield code="z">Italy</subfield><subfield code="v">Sources.</subfield></datafield><datafield ind1=" " ind2="0" tag="650"><subfield code="a">Mechanics</subfield><subfield code="v">Early works to 1800.</subfield></datafield><datafield ind1="1" ind2=" " tag="700"><subfield code="a">Drabkin, I. E.</subfield><subfield code="q">(Israel Edward),</subfield><subfield code="d">1905-1965.</subfield></datafield><datafield ind1=" " ind2="0" tag="830"><subfield code="a">University of Wisconsin publications in medieval science ;</subfield><subfield code="v">13.</subfield></datafield><datafield ind1=" " ind2=" " tag="907"><subfield code="a">.b11395485</subfield><subfield code="b">06-16-09</subfield><subfield code="c">09-06-89</subfield></datafield><datafield ind1=" " ind2=" " tag="998"><subfield code="a">iogb</subfield><subfield code="b">11-14-84</subfield><subfield code="c">m</subfield><subfield code="d">a</subfield><subfield code="e">-</subfield><subfield code="f">eng</subfield><subfield code="g">wiu</subfield><subfield code="h">0</subfield><subfield code="i">0</subfield></datafield><datafield ind1="e" ind2="b" tag="947" /></record>
</collection>